<?xml version="1.0" encoding="UTF-8"?><collection xmlns="http://www.loc.gov/MARC21/slim"><record><leader>00486nam--2200169-i-4500</leader><controlfield tag="001">000017709</controlfield><controlfield tag="002">20161230</controlfield><controlfield tag="005">20170108205929</controlfield><controlfield tag="008">060222s1000------------r-----000-0-eng-d</controlfield><datafield ind1=" " ind2=" " tag="100"><subfield code="a">Abbey, F</subfield></datafield><datafield ind1=" " ind2=" " tag="245"><subfield code="a">Calculational methods for interacting arrays of fossile material</subfield></datafield><datafield ind1=" " ind2=" " tag="260"><subfield code="a">Oxford</subfield><subfield code="b">Pergamon Pres</subfield><subfield code="c">1973</subfield></datafield><datafield ind1=" " ind2=" " tag="300"><subfield code="a">XI + 127 p</subfield></datafield><datafield ind1=" " ind2=" " tag="490"><subfield code="a">International Series Of Monographs In Nuclear Energy</subfield></datafield><datafield ind1=" " ind2=" " tag="700"><subfield code="a">Thomas, Alan F</subfield></datafield><datafield ind1=" " ind2=" " tag="852"><subfield code="a">42360</subfield></datafield><datafield ind1=" " ind2=" " tag="CAT"><subfield code="a">SYS</subfield><subfield code="c">20170108</subfield><subfield code="h">205929</subfield></datafield></record></collection>